@misc{ACTIONSWORDS,
      title={Actions Speak Louder than Words: Trillion-Parameter Sequential Transducers for Generative Recommendations}, 
      author={Jiaqi Zhai and Lucy Liao and Xing Liu and Yueming Wang and Rui Li and Xuan Cao and Leon Gao and Zhaojie Gong and Fangda Gu and Michael He and Yinghai Lu and Yu Shi},
      year={2024},
      eprint={2402.17152},
      archivePrefix={arXiv},
      primaryClass={cs.LG},
      url={https://arxiv.org/abs/2402.17152}, 
}

@misc{naumov2019deeplearningrecommendationmodel,
      title={Deep Learning Recommendation Model for Personalization and Recommendation Systems}, 
      author={Maxim Naumov and Dheevatsa Mudigere and Hao-Jun Michael Shi and Jianyu Huang and Narayanan Sundaraman and Jongsoo Park and Xiaodong Wang and Udit Gupta and Carole-Jean Wu and Alisson G. Azzolini and Dmytro Dzhulgakov and Andrey Mallevich and Ilia Cherniavskii and Yinghai Lu and Raghuraman Krishnamoorthi and Ansha Yu and Volodymyr Kondratenko and Stephanie Pereira and Xianjie Chen and Wenlin Chen and Vijay Rao and Bill Jia and Liang Xiong and Misha Smelyanskiy},
      year={2019},
      eprint={1906.00091},
      archivePrefix={arXiv},
      primaryClass={cs.IR},
      url={https://arxiv.org/abs/1906.00091}, 
}

@misc{SOFTHARD,
      title={Software-Hardware Co-design for Fast and Scalable Training of Deep Learning Recommendation Models}, 
      author={Dheevatsa Mudigere and Yuchen Hao and Jianyu Huang and Zhihao Jia and Andrew Tulloch and Srinivas Sridharan and Xing Liu and Mustafa Ozdal and Jade Nie and Jongsoo Park and Liang Luo and Jie Amy Yang and Leon Gao and Dmytro Ivchenko and Aarti Basant and Yuxi Hu and Jiyan Yang and Ehsan K. Ardestani and Xiaodong Wang and Rakesh Komuravelli and Ching-Hsiang Chu and Serhat Yilmaz and Huayu Li and Jiyuan Qian and Zhuobo Feng and Yinbin Ma and Junjie Yang and Ellie Wen and Hong Li and Lin Yang and Chonglin Sun and Whitney Zhao and Dimitry Melts and Krishna Dhulipala and KR Kishore and Tyler Graf and Assaf Eisenman and Kiran Kumar Matam and Adi Gangidi and Guoqiang Jerry Chen and Manoj Krishnan and Avinash Nayak and Krishnakumar Nair and Bharath Muthiah and Mahmoud khorashadi and Pallab Bhattacharya and Petr Lapukhov and Maxim Naumov and Ajit Mathews and Lin Qiao and Mikhail Smelyanskiy and Bill Jia and Vijay Rao},
      year={2023},
      eprint={2104.05158},
      archivePrefix={arXiv},
      primaryClass={cs.DC},
      url={https://arxiv.org/abs/2104.05158}, 
}